<?xml version="1.0" encoding="UTF-8"?><collection xmlns="http://www.loc.gov/MARC21/slim"><record><leader>00583nam--2200205-i-4500</leader><controlfield tag="001">000031678</controlfield><controlfield tag="002">20161230</controlfield><controlfield tag="005">20161230201038</controlfield><controlfield tag="008">060222s1000------------r-----000-0-eng-d</controlfield><datafield ind1=" " ind2=" " tag="040"><subfield code="a">IFIN-HH</subfield></datafield><datafield ind1=" " ind2=" " tag="080"><subfield code="a">0.16:538.3:533.9</subfield></datafield><datafield ind1="1" ind2=" " tag="100"><subfield code="a">Napolitano, L.G</subfield></datafield><datafield ind1="1" ind2="0" tag="245"><subfield code="a">Magneto-fluid-dynamics</subfield><subfield code="b">Current papers and abstracts</subfield><subfield code="c">L.g. napolitano, g. contursi (eds.)</subfield></datafield><datafield ind1=" " ind2=" " tag="250"><subfield code="a">Enlarged Edition</subfield></datafield><datafield ind1=" " ind2=" " tag="260"><subfield code="a">Oxford</subfield><subfield code="b">Pergamon Press</subfield><subfield code="c">1962</subfield></datafield><datafield ind1=" " ind2=" " tag="300"><subfield code="a">XXI+251P</subfield></datafield><datafield ind1=" " ind2=" " tag="490"><subfield code="a">Agard Bibliography I</subfield></datafield><datafield ind1="1" ind2=" " tag="700"><subfield code="a">Contursi, G</subfield><subfield code="e">Ed</subfield></datafield><datafield ind1=" " ind2=" " tag="852"><subfield code="a">17843</subfield><subfield code="c">538.4</subfield></datafield><datafield ind1=" " ind2=" " tag="CAT"><subfield code="a">Sys</subfield><subfield code="c">20110919</subfield><subfield code="h">154558</subfield></datafield></record></collection>